%% This BibTeX bibliography file was created using BibDesk.
%% https://bibdesk.sourceforge.io/

%% Created for Zhehao Li at 2019-04-29 17:46:58 +0800 


%% Saved with string encoding Unicode (UTF-8) 



@article{Simon1999,
	Author = {Bak, Per and N{\o}rrelykke, Simon and Shubik, Martin},
	Date-Added = {2019-04-29 17:46:10 +0800},
	Date-Modified = {2019-04-29 17:46:58 +0800},
	Doi = {10.1103/PhysRevE.60.2528},
	Journal = {Physical review. E, Statistical physics, plasmas, fluids, and related interdisciplinary topics},
	Month = {10},
	Pages = {2528-32},
	Title = {Dynamics of money},
	Volume = {60},
	Year = {1999},
	Bdsk-Url-1 = {https://doi.org/10.1103/PhysRevE.60.2528}}

@book{pitaevskii2012physical,
	Author = {Pitaevskii, LP and Lifshitz, EM},
	Date-Added = {2019-04-24 18:31:51 +0800},
	Date-Modified = {2019-04-24 18:31:51 +0800},
	Publisher = {Butterworth-Heinemann},
	Title = {Physical kinetics},
	Volume = {10},
	Year = {2012}}

@article{ispolatov1998wealth,
	Author = {Ispolatov, Slava and Krapivsky, Paul L and Redner, Sidney},
	Date-Added = {2019-04-08 23:25:51 +0800},
	Date-Modified = {2019-04-08 23:25:51 +0800},
	Journal = {The European Physical Journal B-Condensed Matter and Complex Systems},
	Number = {2},
	Pages = {267--276},
	Publisher = {Springer},
	Title = {Wealth distributions in asset exchange models},
	Volume = {2},
	Year = {1998}}

@article{chakraborti2001self,
	Author = {Chakraborti, Anirban and Pradhan, Srutarshi and Chakrabarti, Bikas K},
	Date-Added = {2019-03-30 16:18:26 +0800},
	Date-Modified = {2019-03-30 16:18:26 +0800},
	Journal = {Physica A: Statistical Mechanics and its Applications},
	Number = {1-2},
	Pages = {253--259},
	Publisher = {Elsevier},
	Title = {A self-organising model of market with single commodity},
	Volume = {297},
	Year = {2001}}

@article{stanley1996anomalous,
	Author = {Stanley, H Eugene and Afanasyev, Viktor and Amaral, Luis A Nunes and Buldyrev, SV and Goldberger, AL and Havlin, Steve and Leschhorn, Harry and Maass, P and Mantegna, Rosario N and Peng, C-K and others},
	Date-Added = {2019-03-30 16:18:26 +0800},
	Date-Modified = {2019-03-30 16:18:26 +0800},
	Journal = {Physica A: Statistical Mechanics and its Applications},
	Number = {1-2},
	Pages = {302--321},
	Publisher = {Elsevier},
	Title = {Anomalous fluctuations in the dynamics of complex systems: from DNA and physiology to econophysics},
	Volume = {224},
	Year = {1996}}

@book{chatterjee2007econophysics,
	Author = {Chatterjee, Arnab and Yarlagadda, Sudhakar and Chakrabarti, Bikas K},
	Date-Added = {2019-03-30 16:18:26 +0800},
	Date-Modified = {2019-03-30 16:18:26 +0800},
	Publisher = {Springer Science \& Business Media},
	Title = {Econophysics of wealth distributions: Econophys-Kolkata I},
	Year = {2007}}

@article{chatterjee2006kinetic,
	Author = {Chatterjee, Arnab and Chakrabarti, Bikas K},
	Date-Added = {2019-03-30 16:18:26 +0800},
	Date-Modified = {2019-03-30 16:18:26 +0800},
	Journal = {The European Physical Journal B-Condensed Matter and Complex Systems},
	Number = {3},
	Pages = {399--404},
	Publisher = {Springer},
	Title = {Kinetic market models with single commodity having price fluctuations},
	Volume = {54},
	Year = {2006}}

@article{gibrat1931ingalits,
	Author = {Gibrat, Robert},
	Date-Added = {2019-03-30 16:18:26 +0800},
	Date-Modified = {2019-03-30 16:18:26 +0800},
	Journal = {Libraire du Recueil Sierey, Paris},
	Title = {Les ingalits conomiques},
	Year = {1931}}

@article{ausloos2007model,
	Author = {Ausloos, Marcel and Pe, Andrzej and others},
	Date-Added = {2019-03-30 16:18:26 +0800},
	Date-Modified = {2019-03-30 16:18:26 +0800},
	Journal = {Physica A: Statistical Mechanics and its Applications},
	Pages = {560--568},
	Publisher = {Elsevier},
	Title = {Model of wealth and goods dynamics in a closed market},
	Volume = {373},
	Year = {2007}}

@article{kalecki1945gibrat,
	Author = {Kalecki, Micha{\l}},
	Date-Added = {2019-03-30 16:18:26 +0800},
	Date-Modified = {2019-03-30 16:18:26 +0800},
	Journal = {Econometrica: Journal of the Econometric Society},
	Pages = {161--170},
	Publisher = {JSTOR},
	Title = {On the Gibrat distribution},
	Year = {1945}}

@article{tsallis1988possible,
	Author = {Tsallis, Constantino},
	Date-Added = {2019-03-30 16:18:26 +0800},
	Date-Modified = {2019-03-30 16:18:26 +0800},
	Journal = {Journal of statistical physics},
	Number = {1-2},
	Pages = {479--487},
	Publisher = {Springer},
	Title = {Possible generalization of Boltzmann-Gibbs statistics},
	Volume = {52},
	Year = {1988}}

@article{dragulescu2000statistical,
	Author = {Dragulescu, Adrian and Yakovenko, Victor M},
	Date-Added = {2019-03-30 16:18:26 +0800},
	Date-Modified = {2019-03-30 16:18:26 +0800},
	Journal = {The European Physical Journal B-Condensed Matter and Complex Systems},
	Number = {4},
	Publisher = {Springer},
	Title = {Statistical mechanics of money},
	Volume = {17},
	Year = {2000}}

@book{wannier1987statistical,
	Author = {G.H.Wannier},
	Date-Added = {2019-03-30 16:18:26 +0800},
	Date-Modified = {2019-03-30 16:18:26 +0800},
	Publisher = {Dover, New York},
	Title = {Statistical Physics},
	Year = {1987}}

@article{bouchaud2000wealth,
	Author = {Bouchaud, Jean-Philippe and M{\'e}zard, Marc},
	Date-Added = {2019-03-30 16:18:26 +0800},
	Date-Modified = {2019-03-30 16:18:26 +0800},
	Journal = {Physica A: Statistical Mechanics and its Applications},
	Number = {3-4},
	Pages = {536--545},
	Publisher = {Elsevier},
	Title = {Wealth condensation in a simple model of economy},
	Volume = {282},
	Year = {2000}}

@misc{carbone2007we,
	Author = {Carbone, Anna and Kaniadakis, Giorgio and Scarfone, Antonio M},
	Date-Added = {2019-03-30 16:18:26 +0800},
	Date-Modified = {2019-03-30 16:18:26 +0800},
	Publisher = {Elsevier},
	Title = {Where do we stand on econophysics?},
	Year = {2007}}
